101 053100300 0531003001409052049T094101RESOLVED RETURN DATA   FIRST CITIZENS NC              
5200ABCCOMP         000000000000000000  1123456789WEBLOAN PYMT 0829141408290001053100300000001
6262532719412345678912       00000655700000018499     SUMMER HOUSES         S 1053100302316298
799R01053100300000113      25327194                                            053100302316298
6262532719498765432145       00000615460000016798     SOUTH STATE BANK      S 1053100302316300
799R01053100300000105      25327194                                            053100302316300
820000000400506543880000001271160000000000001591585639                         053100300000001
5200ABCCOMP         000000000000000000  1123456789PPDLOAN PYMT 0904141409040001053100300000002
626314074269654789852        00000642290000031552     CHARLIE ARROW         001053100302670258
799R01053100300000142      31407426                                            053100302670258
820000000200314074260000000642290000000000001591585639                         053100300000002
5200ABCCOMP         000000000000000000  1123456789CORLOAN PYMT 0905141409050001053100300000003
6262532783658746 8745 4587   00000000000000025876     MINNIE MOUSE          001053100302670271
798C01053100300000645      25327836158659591416                                053100302670271
820000000200253278360000000000000000000000001591585639                         053100300000003
9000003000002000000080107389650000000191345000000000000                                       
9999999999999999999999999999999999999999999999999999999999999999999999999999999999999999999999
9999999999999999999999999999999999999999999999999999999999999999999999999999999999999999999999
9999999999999999999999999999999999999999999999999999999999999999999999999999999999999999999999
9999999999999999999999999999999999999999999999999999999999999999999999999999999999999999999999
